<record><leader>01878cam a2200397 i 4500</leader><controlfield tag="001">6712245</controlfield><controlfield tag="003">FlBoTFG</controlfield><controlfield tag="005">20141020104122.0</controlfield><controlfield tag="006">m    |o  d |      </controlfield><controlfield tag="007">cr |||</controlfield><controlfield tag="008">141020t20152015fluabd  ob    101 0 eng d</controlfield><datafield ind1=" " ind2=" " tag="020"><subfield code="a">9781315736983 (e-book : PDF)</subfield></datafield><datafield ind1=" " ind2=" " tag="035"><subfield code="a">ocn892093088</subfield></datafield><datafield ind1=" " ind2=" " tag="039"><subfield code="a">exclude</subfield></datafield><datafield ind1=" " ind2=" " tag="040"><subfield code="a">FlBoTFG</subfield><subfield code="b">eng</subfield><subfield code="c">FlBoTFG</subfield><subfield code="e">rda</subfield><subfield code="d">AEU</subfield></datafield><datafield ind1=" " ind2="4" tag="050"><subfield code="a">TC530</subfield><subfield code="b">.I58 2014</subfield></datafield><datafield ind1=" " ind2=" " tag="090"><subfield code="a">Internet Access</subfield><subfield code="b">AEU</subfield></datafield><datafield ind1="2" ind2=" " tag="111"><subfield code="a">International Conference on Geotechnical Engineering for Disaster Mitigation and Rehabilitation</subfield><subfield code="n">(4th :</subfield><subfield code="d">2014 :</subfield><subfield code="c">Kyoto, Japan)</subfield></datafield><datafield ind1="1" ind2="0" tag="245"><subfield code="a">Geotechnics for catastrophic flooding events :</subfield><subfield code="b">proceedings of the Fourth International Conference on Geotechnical Engineering for Disaster Mitigation and Rehabilitation (4th Gedmar), 16-18 September 2014, Kyoto, Japan /</subfield><subfield code="c">editor, Susumu Iai, Disaster Prevention Research Institute, Kyoto University, Japan.</subfield></datafield><datafield ind1=" " ind2="1" tag="264"><subfield code="a">Boca Raton :</subfield><subfield code="b">CRC Press,</subfield><subfield code="c">[2015]</subfield></datafield><datafield ind1=" " ind2="4" tag="264"><subfield code="c">&#169;2015</subfield></datafield><datafield ind1=" " ind2=" " tag="300"><subfield code="a">1 online resource.</subfield></datafield><datafield ind1=" " ind2=" " tag="336"><subfield code="a">text</subfield><subfield code="2">rdacontent</subfield></datafield><datafield ind1=" " ind2=" " tag="337"><subfield code="a">computer</subfield><subfield code="2">rdamedia</subfield></datafield><datafield ind1=" " ind2=" " tag="338"><subfield code="a">online resource</subfield><subfield code="2">rdacarrier</subfield></datafield><datafield ind1=" " ind2=" " tag="504"><subfield code="a">Includes bibliographical references and index.</subfield></datafield><datafield ind1="0" ind2=" " tag="505"><subfield code="a">Keynote lectures -- Workshop on liquefaction experiment and analysis project (LEAP).</subfield></datafield><datafield ind1=" " ind2=" " tag="506"><subfield code="a">Access restricted to authorized users and institutions.</subfield></datafield><datafield ind1=" " ind2=" " tag="596"><subfield code="a">44</subfield></datafield><datafield ind1=" " ind2="0" tag="650"><subfield code="a">Flood damage prevention</subfield><subfield code="v">Congresses.</subfield></datafield><datafield ind1=" " ind2="0" tag="650"><subfield code="a">Geotechnical engineering</subfield><subfield code="v">Congresses.</subfield></datafield><datafield ind1="1" ind2=" " tag="700"><subfield code="a">Iai, Susumu,</subfield><subfield code="e">editor.</subfield></datafield><datafield ind1="2" ind2=" " tag="711"><subfield code="a">International Conference on Geotechnical Engineering for Disaster Mitigation and Rehabilitation.</subfield></datafield><datafield ind1="4" ind2="0" tag="856"><subfield code="3">University of Alberta Access</subfield><subfield code="u">http://marc.crcnetbase.com/isbn/9781315736983</subfield><subfield code="z">(Unlimited Concurrent Users)</subfield></datafield><datafield ind1=" " ind2=" " tag="949"><subfield code="h">UAIN</subfield><subfield code="z">CRC</subfield></datafield><datafield ind1=" " ind2=" " tag="926"><subfield code="a">Internet Access</subfield><subfield code="w">LC</subfield><subfield code="c">1</subfield><subfield code="i">6712245-1001</subfield><subfield code="l">INTERNET</subfield><subfield code="m">UAINTERNET</subfield><subfield code="r">Y</subfield><subfield code="s">Y</subfield><subfield code="t">E-RESOURCE</subfield><subfield code="u">10/27/2014</subfield><subfield code="x">E-BOOK</subfield><subfield code="z">CRC</subfield></datafield></record>